<record><leader>00000cas a22000007a 4500</leader><controlfield tag="001">15078595</controlfield><controlfield tag="008">870116d19191919wiuwr ne      0    0eng d</controlfield><datafield ind1=" " ind2=" " tag="010"><subfield code="a">sn 87082034 </subfield></datafield><datafield ind1=" " ind2=" " tag="040"><subfield code="a">NPV</subfield><subfield code="b">eng</subfield><subfield code="c">NPV</subfield><subfield code="d">OCLCQ</subfield></datafield><datafield ind1=" " ind2=" " tag="042"><subfield code="a">msc</subfield></datafield><datafield ind1="0" ind2="4" tag="245"><subfield code="a">The Muscoda progressive and Grant County democrat.</subfield></datafield><datafield ind1=" " ind2=" " tag="260"><subfield code="a">Muscoda, Wis. :</subfield><subfield code="b">Progressive Print. Co.,</subfield><subfield code="c">1919-1919.</subfield></datafield><datafield ind1=" " ind2=" " tag="300"><subfield code="a">v.</subfield></datafield><datafield ind1=" " ind2=" " tag="310"><subfield code="a">Weekly</subfield></datafield><datafield ind1="0" ind2=" " tag="362"><subfield code="a">Vol. 6, no 42 (Jan. 16, 1919)-v. 7, no. 39 (Dec. 25, 1919).</subfield></datafield><datafield ind1=" " ind2=" " tag="752"><subfield code="a">United States</subfield><subfield code="b">Wisconsin</subfield><subfield code="c">Grant</subfield><subfield code="d">Muscoda.</subfield></datafield><datafield ind1=" " ind2=" " tag="752"><subfield code="a">United States</subfield><subfield code="b">Wisconsin</subfield><subfield code="c">Iowa</subfield><subfield code="d">Muscoda.</subfield></datafield><datafield ind1="0" ind2="4" tag="780"><subfield code="t">Muscoda progressive (Muscoda, Wis. : 1913)</subfield></datafield><datafield ind1="0" ind2="4" tag="780"><subfield code="t">Grant County democrat</subfield><subfield code="w">(DLC)sn 87082033</subfield></datafield><datafield ind1="0" ind2="0" tag="785"><subfield code="t">Muscoda progressive (Muscoda, Wis. : 1920)</subfield><subfield code="w">(DLC)sn 87082035</subfield></datafield></record>